@Book{phys_chem_exp,
  title     = {物理化学实验（第四版）},
  publisher = {北京大学出版社},
  year      = {2002},
  author    = {北京大学化学学院物理化学实验教学组},
}
@book{jiegou,
  author         = {周公度{, }段连运},
  publisher      = {北京大学出版社},
  title          = {结构化学基础（第5版）},
  year           = {2017}
}